@article{danrothconstrained,
	title={A Constrained Latent Variable Model for Coreference Resolution},
	author={DanRoth, Kai-WeiChang RajhansSamdani}
}

@inproceedings{lee2011stanford,
	title={Stanford's multi-pass sieve coreference resolution system at the CoNLL-2011 shared task},
	author={Lee, Heeyoung and Peirsman, Yves and Chang, Angel and Chambers, Nathanael and Surdeanu, Mihai and Jurafsky, Dan},
	booktitle={Proceedings of the Fifteenth Conference on Computational Natural Language Learning: Shared Task},
	pages={28--34},
	year={2011},
	organization={Association for Computational Linguistics}
}

@inproceedings{durrett2013easy,
	title={Easy Victories and Uphill Battles in Coreference Resolution.},
	author={Durrett, Greg and Klein, Dan},
	booktitle={EMNLP},
	pages={1971--1982},
	year={2013}
}

@inproceedings{chen2010exploring,
  title={Exploring deep belief network for chinese relation extraction},
  author={Chen, Yu and Li, Wenjie and Liu, Yan and Zheng, Dequan and Zhao, Tiejun},
  booktitle={Proceedings of the Joint Conference on Chinese Language Processing (CLPâ€™10)},
  pages={28--29},
  year={2010}
}

@inproceedings{wang2015chinese,
  title={Chinese Semantic Role Labeling with Bidirectional Recurrent Neural Networks},
  author={Wang, Zhen and Jiang, Tingsong and Chang, Baobao and Sui, Zhifang},
  booktitle={Proc. of the 2015 Conference on Empirical Methods in Natural Language Processing (EMNLP)},
  pages={1626--1631},
  year={2015}
}

